@article{sharma16,
	Author = {P.Sharma and L.Chaufournier and P.Shenoy and Y.C.Tay},
	Title = {Containers and Virtual Machines at Scale: A Comparitive Study},
	Journal = {ACM Middleware' 16, Proceedings of the 17th international middleware conference},
	ISBN = {978-1-4503-4300-8/16/12},
	Year = {2016},
	Number = {1},
	DOI = {http://dx.doi.org/10.1145/2988336.2988337}
}

@article{taleb17,
	Author = {T. Taleb and K. Samdanis and B.Mada and H.Flinck and S.Dutta and D.Sabella},
	Title = {On Multi-Access Edge Computing: A Survey of the Emerging 5G Network Edge Cloud Architecture and Orchestration},
	Journal = {IEEE Communications Surveys and Tutorials},
	Volume = {19},
	Number = {3},
	Pages = {1657--1681},
	Year = {2017},
	DOI = {http://dx.doi.org/10.1109/COMST.2017.2705720}
}

@article{mach17,
	Author = {Pavel Mach and Zdenek Becvar},
	Title = {Mobile Edge Computing: A Survey on Architecture and Computation Offloading},
	Journal = {IEEE Communications Surveys and Tutorials},
	Volume = {19},
	Number = {3},
	Pages = {1628--1656},
	Year = {2017},
	DOI = {http://dx.doi.org/10.1109/COMST.2017.2682318}
}

@online{docker,
	Title = {What is a Container ?},
	URL = {https://www.docker.com/resources/what-container}	
}

@online{kubeedge,
	Title = {KubeEdge},
	URL = {https://github.com/kubeedge/kubeedge/}
}

@online{kubeedgedoc,
	Title = {What is KubeEdge ?},
	URL = {https://docs.kubeedge.io/en/latest/modules/kubeedge.html}
}


